%%
%% Author: adriankunz
%% 2018-12-28
%%

